@book{pensum,
    author = {Bass, Len and Clements, Paul and Kazman, Rick},
    title = {Software Architecture in Practice},
    year = {2003},
    isbn = {0321154959},
    edition = {2},
    publisher = {Addison-Wesley Longman Publishing Co., Inc.},
    address = {Boston, MA, USA},
}

@ONLINE{android,
    author = {Google},
    title = {Android Developers},
    month = feb,
    year = {2012},
    url = {http://developer.android.com/index.html}
}

@ONLINE{androidsdk,
    author = {Google},
    title = {Android Software Development Kit},
    month = feb,
    year = {2012},
    url = {http://developer.android.com/sdk/index.html}
}

@ONLINE{androidversions,
    author = {Google},
    title = {Android Platform Versions},
    month = feb,
    year = {2012},
    url = {http://developer.android.com/resources/dashboard/platform-versions.html}
}

@ONLINE{battleship,
    author = {Boardgame geek},
    title = {Battleship},
    month = feb,
    year = {2012},
    url = {http://www.boardgamegeek.com/boardgame/2425/battleship}
}

@ONLINE{tiledmapeditor,
    author = {xx},
    title = {xx},
    month = xxx,
    year = {20xx},
    url = {http://www.mapeditor.org/}
}
