@ONLINE{andengine,
    author = {Nicolas Gramlich},
    title = {AndEngine - Android 2D Game engine},
    month = feb,
    year = {2012},
    url = {http://wiki.andengine.org/AndEngine}
}

@book{pensum,
    author = {Bass, Len and Clements, Paul and Kazman, Rick},
    title = {Software Architecture in Practice},
    year = {2003},
    isbn = {0321154959},
    edition = {2},
    publisher = {Addison-Wesley Longman Publishing Co., Inc.},
    address = {Boston, MA, USA}
}

@ONLINE{battleship,
    author = {Boardgame geek},
    title = {Battleship},
    month = feb,
    year = {2012},
    url = {http://www.boardgamegeek.com/boardgame/2425/battleship}
}

@ONLINE{IEEE1471,
    author = {IEEE Standards Association},
    title = {IEEE 1471},
    month = feb,
    year = {2012},
    url = {http://standards.ieee.org/findstds/standard/1471-2000.html}
}

@ONLINE{online:statepattern,
    author = {Sourcemaking.com},
    title = {State Design Pattern},
    url = {http://sourcemaking.com/design_patterns/state}
}

@ONLINE{singleton,
    author = {Sourcemaking.com},
    title = {Singleton Pattern},
    url = {http://sourcemaking.com/design_patterns/singleton}
}

@ONLINE{singleton_unit_testing,
    author = {Google Testing Blog},
    title = {Clean Code Talks - Global State and Singletons},
    year = {2008},
    month = nov,
    url = {http://googletesting.blogspot.com/2008/11/clean-code-talks-global-state-and.html}
}


@ONLINE{abstractfactory,
    author = {Sourcemaking.com},
    title = {Abstract Factory Pattern},
    url = {http://sourcemaking.com/design_patterns/abstract_factory}
}

@book{kruchten,
    author = {Kruchten},
    title = {Architectural Blueprints — The “4+1” View Model of Software Architecture},
    year = {1995},
    publisher = {IEEE Software 12 (6)}
}

@online{online:msdn_singleton,
    author = {Kyle Baley, Donald Belcham, James Kovacs},
    year = {2009},
    url = {http://msdn.microsoft.com/en-us/magazine/ee343987.aspx}
}